<?xml version="1.0" encoding="UTF-8"?><collection xmlns="http://www.loc.gov/MARC21/slim"><record><leader>00357nam--2200121-i-4500</leader><controlfield tag="001">000004434</controlfield><controlfield tag="002">20161230</controlfield><controlfield tag="005">20161230201025</controlfield><controlfield tag="008">060222s1000------------r-----000-0-eng-d</controlfield><datafield ind1=" " ind2=" " tag="100"><subfield code="a">Drabble J.R</subfield></datafield><datafield ind1=" " ind2=" " tag="245"><subfield code="a">The effect of strain on the thermoelectric pro perties of a many valley semiconductor</subfield></datafield><datafield ind1=" " ind2=" " tag="260"><subfield code="a">Journal Of Electronics And Control  1958</subfield></datafield><datafield ind1=" " ind2=" " tag="852"><subfield code="a">5700</subfield></datafield></record></collection>